<record xmlns="http://www.loc.gov/MARC21/slim" xmlns:xsi="http://www.w3.org/2001/XMLSchema-instance" xsi:schemaLocation="http://www.loc.gov/MARC21/slim http://www.loc.gov/standards/marcxml/schema/MARC21slim.xsd"><leader>01006cz   2200265n  4500</leader><controlfield tag="001">oca00305504 </controlfield><controlfield tag="005">20000331103142.0</controlfield><controlfield tag="008">790815n| acannaab           |a aaa      </controlfield><datafield ind1=" " ind2=" " tag="010"><subfield code="a">n  79072756 </subfield></datafield><datafield ind1=" " ind2=" " tag="040"><subfield code="a">DLC</subfield><subfield code="c">DLC</subfield><subfield code="d">DLC</subfield><subfield code="d">MdU</subfield><subfield code="d">InU</subfield><subfield code="d">DLC</subfield></datafield><datafield ind1="0" ind2=" " tag="100"><subfield code="a">Aristophanes</subfield></datafield><datafield ind1="0" ind2=" " tag="400"><subfield code="a">Aristofan</subfield></datafield><datafield ind1="0" ind2=" " tag="400"><subfield code="a">Arystofanes</subfield></datafield><datafield ind1="0" ind2=" " tag="400"><subfield code="a">Aristophane</subfield></datafield><datafield ind1="0" ind2=" " tag="400"><subfield code="a">Aristofane</subfield></datafield><datafield ind1="0" ind2=" " tag="400"><subfield code="a">Arisutopanesu</subfield></datafield><datafield ind1="0" ind2=" " tag="400"><subfield code="a">Arisutofanesu</subfield></datafield><datafield ind1="0" ind2=" " tag="400"><subfield code="a">AristoÌ&#x81;fanes</subfield></datafield><datafield ind1=" " ind2=" " tag="670"><subfield code="a">Iï¸&#160;Aï¸¡rkho, V. Aristofan, 1954.</subfield></datafield><datafield ind1=" " ind2=" " tag="670"><subfield code="a">FrancÌ§aix, J. Trois duos pour deux sopranos et quatuor a cordes, c1982 (a.e.)</subfield><subfield code="b">t.p. (Aristophane)</subfield></datafield><datafield ind1=" " ind2=" " tag="670"><subfield code="a">Pintacuda, M. Interpretazioni musicali sul teatro ... 1982:</subfield><subfield code="b">t.p. (Aristofane)</subfield></datafield><datafield ind1=" " ind2=" " tag="670"><subfield code="a">Girisha kigeki zenshuÌ&#x84;, 1961:</subfield><subfield code="b">v. 1, p. 5, etc. (Arisutopanesu)</subfield></datafield><datafield ind1=" " ind2=" " tag="670"><subfield code="a">Dai jinmei j.</subfield><subfield code="b">(Arisutofanesu; ca. 450-ca. 385 B.C.)</subfield></datafield><datafield ind1=" " ind2=" " tag="670"><subfield code="a">Spatz, L. Aristophanes, 1978:</subfield><subfield code="b">p. 13 (b. 450 B.C.?; d. 185 B.C.?)</subfield></datafield><datafield ind1=" " ind2=" " tag="670"><subfield code="a">His Los carboneros (Archarnenses), 1981:</subfield><subfield code="b">t.p. (AristoÌ&#x81;fanes)</subfield></datafield></record>